
@article{bender2014learning,
  title={Learning grammar specifications from igt: A case study of chintang},
  author={Bender, Emily M and Crowgey, Joshua and Wayne, Michael and Xia, Goodman Fei},
  year={2014},
  publisher={Citeseer}
}


@article{goodman2013towards,
  title={Towards creating precision grammars from interlinear glossed text: Inferring large-scale typological properties},
  author={Goodman, Emily M Bender Michael Wayne and Xia, Joshua Crowgey Fei},
  journal={LaTeCH 2013},
  pages={74},
  year={2013}
}

@inproceedings{lewis2008automatically,
  title={Automatically Identifying Computationally Relevant Typological Features.},
  author={Lewis, William D and Xia, Fei},
  booktitle={IJCNLP},
  pages={685--690},
  year={2008}
}

@inproceedings{lewis2006odin,
  title={ODIN: A model for adapting and enriching legacy infrastructure},
  author={Lewis, William D},
  booktitle={e-Science and Grid Computing, 2006. e-Science'06. Second IEEE International Conference on},
  pages={137--137},
  year={2006},
  organization={IEEE}
}

@inproceedings{xia2007multilingual,
  title={Multilingual Structural Projection across Interlinear Text.},
  author={Xia, Fei and Lewis, William D},
  booktitle={HLT-NAACL},
  pages={452--459},
  year={2007}
}

@article{goodman2015xigt,
  title={Xigt: extensible interlinear glossed text for natural language processing},
  author={Goodman, Michael Wayne and Crowgey, Joshua and Xia, Fei and Bender, Emily M},
  journal={Language Resources and Evaluation},
  volume={49},
  number={2},
  pages={455--485},
  year={2015},
  publisher={Springer}
}

% wals accd to google scholar
@article{haspelmath2005world,
  title={The world atlas of language structures},
  author={Haspelmath, Martin and Dryer, Matthew S and Gil, David and Comrie, Bernard},
  year={2005},
  publisher={Oxford Univ. Press}
}

% wals from online
@book{wals,
  address   = {Leipzig},
  editor    = {Matthew S. Dryer and Martin Haspelmath},
  publisher = {Max Planck Institute for Evolutionary Anthropology},
  title     = {WALS Online},
  url       = {http://wals.info/},
  year      = {2013}
}

% wals chapters from online
@inbook{wals-81,
  address   = {Leipzig},
  author    = {Matthew S. Dryer},
  booktitle = {The World Atlas of Language Structures Online},
  editor    = {Matthew S. Dryer and Martin Haspelmath},
  publisher = {Max Planck Institute for Evolutionary Anthropology},
  title     = {Order of Subject, Object and Verb},
  url       = {http://wals.info/chapter/81},
  year      = {2013}
}

@inbook{wals-82,
  address   = {Leipzig},
  author    = {Matthew S. Dryer},
  booktitle = {The World Atlas of Language Structures Online},
  editor    = {Matthew S. Dryer and Martin Haspelmath},
  publisher = {Max Planck Institute for Evolutionary Anthropology},
  title     = {Order of Subject and Verb},
  url       = {http://wals.info/chapter/82},
  year      = {2013}
}

@inbook{wals-83,
  address   = {Leipzig},
  author    = {Matthew S. Dryer},
  booktitle = {The World Atlas of Language Structures Online},
  editor    = {Matthew S. Dryer and Martin Haspelmath},
  publisher = {Max Planck Institute for Evolutionary Anthropology},
  title     = {Order of Object and Verb},
  url       = {http://wals.info/chapter/83},
  year      = {2013}
}

@inbook{wals-87,
  address   = {Leipzig},
  author    = {Matthew S. Dryer},
  booktitle = {The World Atlas of Language Structures Online},
  editor    = {Matthew S. Dryer and Martin Haspelmath},
  publisher = {Max Planck Institute for Evolutionary Anthropology},
  title     = {Order of Adjective and Noun},
  url       = {http://wals.info/chapter/87},
  year      = {2013}
}

% stanford parser citations
@inproceedings{de2006generating,
  title={Generating typed dependency parses from phrase structure parses},
  author={De Marneffe, Marie-Catherine and MacCartney, Bill and Manning, Christopher D and others},
  booktitle={Proceedings of LREC},
  volume={6},
  number={2006},
  pages={449--454},
  year={2006}
}